
@article{ritchie1978,
	title = {The C programming language},
	author = {Ritchie, Dennis M and Johnson, Stephen C and Lesk, ME and Kernighan, BW},
	year = {1978},
	date = {1978},
	journal = {Bell Sys. Tech. J},
	pages = {1991{\textendash}2019},
	volume = {57},
	number = {6},
	url = {https://www.academia.edu/download/67840358/1978.07_Bell_System_Technical_Journal.pdf#page=85},
}

@book{johnson1973,
	title = {The programming language B},
	author = {Johnson, Stephen C and Kernighan, Brian W},
	year = {1973},
	date = {1973},
	publisher = {Bell Laboratories Murray Hill, New Jersey},
	url = {https://minnie.tuhs.org/Mirrors/Dennis/btut.pdf},
}

@inproceedings{richards1969,
	title = {BCPL: A tool for compiler writing and system programming},
	author = {Richards, Martin},
	year = {1969},
	date = {1969},
	pages = {557{\textendash}566},
	url = {https://dl.acm.org/doi/pdf/10.1145/1476793.1476880},
}

@article{ritchie1993,
	title = {The development of the C language},
	author = {Ritchie, Dennis M},
	year = {1993},
	date = {1993},
	journal = {ACM Sigplan Notices},
	pages = {201{\textendash}208},
	volume = {28},
	number = {3},
	url = {https://www.bell-labs.com/usr/dmr/www/chist.pdf},
}

@misc{tiobein2023,
  title = {{{TIOBE Index}}},
  author = {TIOBE},
  year = {2023},
  urldate = {2023-12-02},
  url = {https://www.tiobe.com/tiobe-index/},
}

@article{cprogramminglanguage,
	title = {C (programming language)},
	author = {Wikipedia},
	year = {2023},
	urldate = {2023-12-02},
	url = {https://en.wikipedia.org/w/index.php?title=C_(programming_language)&oldid=1182945224}
}

@book{abelson1996,
	title = {Structure and interpretation of computer programs},
	author = {Abelson, Harold and Sussman, Gerald Jay},
	year = {1996},
	date = {1996},
	publisher = {The MIT Press},
	note = {Citation Key: abelson1996structure}
}

@article{levada,
	title = {A probabilistic nearest neighbors based locality preserving projections},
	author = {Levada, Alexandre},
	year = {2022},
	journal = {SSRN 4267754},
	url = {https://ssrn.com/abstract=4267754}
}

@article{eca,
	title = {Estatuto da Crian√ßa e do Adolecente},
	year = {1990},
	month = {07},
	date = {1990-07-13},
	url = {https://www.planalto.gov.br/ccivil_03/leis/l8069.htm}
}
